<?xml version="1.0" encoding="UTF-8"?><collection xmlns="http://www.loc.gov/MARC21/slim"><record><leader>00312nam--2200133-i-4500</leader><controlfield tag="001">000031725</controlfield><controlfield tag="002">20161230</controlfield><controlfield tag="005">20161230201038</controlfield><controlfield tag="008">060222s1000------------r-----000-0-eng-d</controlfield><datafield ind1=" " ind2=" " tag="100"><subfield code="a">Mahanec, N.G</subfield></datafield><datafield ind1=" " ind2=" " tag="245"><subfield code="a">Umov, a.a</subfield></datafield><datafield ind1=" " ind2=" " tag="260"><subfield code="a">Manualul Furnalistului</subfield></datafield><datafield ind1=" " ind2=" " tag="490"><subfield code="a">Bucuresti, I.D.T., 1948. 270p</subfield></datafield><datafield ind1=" " ind2=" " tag="852"><subfield code="a">669.04</subfield></datafield></record></collection>